@misc{HRW2024,
  author       = {{Human Rights Watch}},
  title        = {Indonesia: Proposed Military Law Threatens Rights},
  howpublished = {Human Rights Watch},
  year         = {2024}
}

@misc{CNN2024,
  author       = {{CNN Indonesia}},
  title        = {Koalisi Masyarakat Sipil Serukan \#TolakRUUTNI yang Ancam Demokrasi (Civil Society Coalition Calls for \#TolakRUUTNI that Threatens Democracy)},
  howpublished = {CNN Indonesia},
  year         = {2024}
}

@article{Rosyidi2018,
  author       = {Rosyidi, M. I. and Kumala, R.},
  title        = {An analysis of using code mixing on {Twitter}},
  journal      = {Journal of English Language and Pedagogy},
  year         = {2018},
  volume       = {1},
  pages        = {1--6}
}

@inproceedings{Oliveira2016,
  author       = {Oliveira, P. R. C. De L. d. S. and Rodrigues, G. D. A. G. M. A. and Neto, F. B. L.},
  title        = {An√°lise de Sentimentos em Tweets Sobre o Ataque Terrorista em Paris (Sentiment Analysis in Tweets About the Terrorist Attack in Paris)},
  booktitle    = {X Sbc},
  year         = {2016},
  pages        = {1301--1310}
}

@INPROCEEDINGS{RYANWINATA2025,
  author={Winata, Ryan and Willson, Antony and Tjen, Winsen and Madyatmadja, Evaristus Didik},
  booktitle={2025 4th International Conference on Creative Communication and Innovative Technology (ICCIT)}, 
  title={Sentiment Analysis on Indonesian Military Law Debate Using Machine Learning and IndoBERT}, 
  year={2025},
  volume={},
  number={},
  pages={1-7},
  keywords={Support vector machines;Sentiment analysis;Analytical models;Accuracy;Machine learning algorithms;Social networking (online);Blogs;Bayes methods;Random forests;Context modeling;Sentiment Analysis;Twitter;RUU TNI;IndoBERT},
  doi={10.1109/ICCIT65724.2025.11167858}
}

@article{SANDYAPRILYANTO2025,
	author = {Sandy Aprilyanto and Rudy Latuperissa},
	title = {Eksplorasi Sentimen Publik di Media Sosial terhadap Isu RUU TNI Menggunakan Pendekatan Machine Learning},
	journal = {Progresif: Jurnal Ilmiah Komputer},
	volume = {21},
	number = {2},
	year = {2025},
	keywords = {},
	abstract = {The developments regarding the revision of the Indonesian National Armed Forces Law (RUU TNI) have sparked various reactions from the public, most of which have been expressed through social media platforms. This research aims to evaluate public opinion on the TNI Bill issue by utilizing machine learning technology and the Support Vector Machine (SVM) algorithm. Data were collected from three social networks, namely YouTube, Instagram, and X (formerly known as Twitter), with a total of 4,530 data points. The stages of data processing include web scraping, data cleaning, text preprocessing, automatic labelling using textblob, word weighting through TF-IDF, and data balancing using the SMOTE method. The sentiment classification results reveal that the majority of public opinions are positive and neutral, with the highest model accuracy achieved at parameter C = 1, namely 94.60% for YouTube, 95.80% for Instagram, and 97.33% for X. These findings demonstrate the effectiveness of the SVM approach in categorizing public opinions generated from social media, and imply that social media serves as an important source for understanding public views on national policy issues.Keywords:   Machine Learning; Support Vector Machine; SMOTE; Text Mining; TF IDF AbstrakPerkembangan mengenai revisi Undang-Undang Tentara Nasional Indonesia (RUU TNI) telah menimbulkan berbagai reaksi dari masyarakat, yang sebagian besar disampaikan melalui platform media sosial. Penelitian ini bertujuan untuk mengevaluasi pandangan publik terhadap isu RUU TNI dengan memanfaatkan teknologi pembelajaran mesin dan algoritma Support Vector Machine (SVM). Data dikumpulkan dari tiga jejaring sosial, yaitu YouTube, Instagram, dan X (yang sebelumnya dikenal sebagai Twitter), dengan total sebanyak 4.530 data. Tahapan pengolahan data mencakup web scraping, pembersihan data, pra-pemrosesan teks, pelabelan otomatis menggunakan TextBlob, pemberian bobot kata melalui TF-IDF, serta penyeimbangan data dengan metode SMOTE. Hasil klasifikasi sentimen mengungkapkan bahwa sebagian besar pendapat masyarakat bersifat positif dan netral, dengan akurasi tertinggi dari model dicapai pada parameter C = 1, yaitu 94,60% untuk YouTube, 95,80% untuk Instagram, dan 97,33% untuk X. Temuan ini menunjukkan efektivitas pendekatan SVM dalam mengkategorikan pendapat publik yang dihasilkan dari media sosial, serta menyiratkan bahwa media sosial berfungsi sebagai sumber penting untuk memahami pandangan masyarakat terhadap masalah kebijakan nasional.Kata kunci: Machine Learning; Support Vector Machine; SMOTE; Text Mining; TF IDF},
	issn = {2685-0877},
	url = {https://ojs.stmik-banjarbaru.ac.id/index.php/progresif/article/view/2819},
	pages = {662--674}
}

